<?xml version="1.0" encoding="UTF-8"?><record xmlns="http://www.loc.gov/MARC21/slim" xmlns:cinclude="http://apache.org/cocoon/include/1.0" xmlns:zs="http://www.loc.gov/zing/srw/">
  <leader>00718cz  a2200205n  4500</leader>
  <controlfield tag="001">n  97062554 </controlfield>
  <controlfield tag="003">DLC</controlfield>
  <controlfield tag="005">20100517081738.0</controlfield>
  <controlfield tag="008">970618n| acannaabn          |a ana      </controlfield>
  <datafield tag="010" ind1=" " ind2=" ">
    <subfield code="a">n  97062554 </subfield>
  </datafield>
  <datafield tag="034" ind1=" " ind2=" ">
    <subfield code="d">E0120100</subfield>
    <subfield code="e">E0120100</subfield>
    <subfield code="f">N0433000</subfield>
    <subfield code="g">N0433000</subfield>
    <subfield code="2">other</subfield>
  </datafield>
  <datafield tag="035" ind1=" " ind2=" ">
    <subfield code="a">(OCoLC)oca04368235</subfield>
  </datafield>
  <datafield tag="040" ind1=" " ind2=" ">
    <subfield code="a">DLC</subfield>
    <subfield code="b">eng</subfield>
    <subfield code="c">DLC</subfield>
    <subfield code="d">DLC</subfield>
    <subfield code="d">OCoLC</subfield>
  </datafield>
  <datafield tag="043" ind1=" " ind2=" ">
    <subfield code="a">e-it---</subfield>
  </datafield>
  <datafield tag="151" ind1=" " ind2=" ">
    <subfield code="a">Citerna (Italy)</subfield>
  </datafield>
  <datafield tag="451" ind1=" " ind2=" ">
    <subfield code="a">Cisterna (Perugia, Italy)</subfield>
  </datafield>
  <datafield tag="670" ind1=" " ind2=" ">
    <subfield code="a">Terra citerne, 1996:</subfield>
    <subfield code="b">t.p. (Comune di Citerna; alta valle del Tevere) p. 23 (Cisterna)</subfield>
  </datafield>
  <datafield tag="670" ind1=" " ind2=" ">
    <subfield code="a">Nuovo diz. dei comuni e fraz. ... 1984:</subfield>
    <subfield code="b">p. 54 (Citerna; comune, prov. Perugia)</subfield>
  </datafield>
  <datafield tag="670" ind1=" " ind2=" ">
    <subfield code="a">BGN gaz. Italy, 1956</subfield>
    <subfield code="b">(Citerna; ppl 43°30ʹN 12°01ʹE)</subfield>
  </datafield>
  <datafield tag="781" ind1=" " ind2="0">
    <subfield code="z">Italy</subfield>
    <subfield code="z">Citerna</subfield>
  </datafield>
</record>